@Misc{revos,
	author    = "J.T.S. Moore",
    title     = "Revolution OS",
    note      = "http://revolution-os.com",
    year	  = "2001"

}

@Misc{gnu,
	author    = "Richard Stallman",
    title     = "Прва најава GNU пројекта",
    note      = "https://www.gnu.org/gnu/initial-announcement",
    year	  = "1983"

}

@Misc{linuxfoundation,
	author    = "The Linux Foundation",
    title     = "Годишњи извештај о изради Linux кернела",
    note      = "https://www.linuxfoundation.org/press-release/linux-foundation-releases-annual-kernel-development-report",
    year	  = "2017"
}

@Misc{kernel,
	author    = "The Linux Information Project",
    title     = "Дефиниција кернела",
    note      = "http://www.linfo.org/kernel",
    year	  = "2004"
}

@Misc{kernelcats,
    author    = "Geeks for Geeks",
    title     = "Категорије кернела",
    note      = "https://www.geeksforgeeks.org/kernel-in-operating-system",
    year      = "2022"
}
    
@Misc{devibm,
	title    = "Анатомија Linux кернела",
    note     = "https://developer.ibm.com/articles/l-linux-kernel"
}

@Misc{daemon,
	author    = "The Linux Information Project",
    title     = "Дефиниција демона",
    note      = "http://www.linfo.org/daemon",
    year	  = "2005"
}

@Misc{gnome,
	title    = "GNOME",
    note     = "https://www.gnome.org"
}

@Misc{kdeplasma,
	title    = "KDE Plasma",
    note     = "https://kde.org/plasma-desktop"
}

@Misc{xfce,
	title    = "XFCE",
    note     = "https://xfce.org"
}

@Misc{lxqt,
	title    = "LXQt",
    note     = "https://lxqt-project.org"
}

@Misc{mate,
	title    = "Mate",
    note     = "https://mate-desktop.org"
}

@Misc{lxc,
    title     = "Linux контејнери",
    note      = "https://wiki.archlinux.org/title/Linux\_Containers",
}

@Misc{docker,
    title     = "Docker",
    note      = "https://www.docker.com",
}

@Misc{podman,
    title     = "Podman",
    note      = "https://podman.io",
}

@Misc{flatpak,
    title     = "Flatpak",
    note      = "https://www.flatpak.org",
}

@Misc{snap,
    title     = "Snap",
    note      = "https://snapcraft.io",
}

@Misc{appimage,
    title     = "AppImage",
    note      = "https://appimage.org",
}

@Misc{redhat,
    title     = "RedHat",
    note      = "https://www.redhat.com",
}

@Misc{chromeos,
    title     = "ChromeOS",
    note      = "https://www.google.com/chromebook/chrome-os",
}

@Misc{gpl,
    title     = "GPL",
    note      = "https://www.gnu.org/licenses/gpl-3.0.en.html",
}

@Misc{wine,
    title     = "Wine",
    note      = "https://www.winehq.org",
}

@Misc{valve,
    title     = "Valve",
    note      = "https://www.valvesoftware.com",
}

@Misc{proton,
    title     = "Proton",
    note      = "https://github.com/ValveSoftware/Proton",
}